@ELECTRONIC{doc,
  author = {{MongoDB Documentation}},
  year = {25 de {A}gosto de 2018},
  title = {\texttt{https://docs.mongodb.com/}}
}
@ELECTRONIC{booster,
  author = {{NoSQLBooster for MongoDB}},
  year = {19 de {A}gosto de 2018},
  title = {\texttt{https://nosqlbooster.com/}}
}
@ELECTRONIC{mongo,
  author = {{MongoDB}},
  year = {19 de {A}gosto de 2018},
  title = {\texttt{https://www.mongodb.com/}}
}
